<?xml version="1.0" encoding="UTF-8"?><record xmlns="http://www.loc.gov/MARC21/slim" xmlns:cinclude="http://apache.org/cocoon/include/1.0" xmlns:zs="http://www.loc.gov/zing/srw/">
  <leader>00499nz  a2200133n  4500</leader>
  <controlfield tag="001">no2003061484</controlfield>
  <controlfield tag="003">DLC</controlfield>
  <controlfield tag="005">20030621071108.0</controlfield>
  <controlfield tag="008">030620n| acannaabn          |n aaa     c</controlfield>
  <datafield tag="010" ind1=" " ind2=" ">
    <subfield code="a">no2003061484</subfield>
  </datafield>
  <datafield tag="035" ind1=" " ind2=" ">
    <subfield code="a">(OCoLC)oca06081276</subfield>
  </datafield>
  <datafield tag="040" ind1=" " ind2=" ">
    <subfield code="a">MoKU</subfield>
    <subfield code="b">eng</subfield>
    <subfield code="c">MoKU</subfield>
  </datafield>
  <datafield tag="100" ind1="1" ind2=" ">
    <subfield code="a">Park, Yong C.</subfield>
    <subfield code="q">(Yong Chae),</subfield>
    <subfield code="d">1951-</subfield>
  </datafield>
  <datafield tag="670" ind1=" " ind2=" ">
    <subfield code="a">The association between financing and retention of students at a Nazarene higher education institution, 1994:</subfield>
    <subfield code="b">t.p. (Yong C. Park) vita (Yong Chae Park; b. July 8, 1951, in Cheju, Korea)</subfield>
  </datafield>
</record>